<?xml version="1.0" encoding="UTF-8"?><collection xmlns="http://www.loc.gov/MARC21/slim"><record><leader>00436nam--2200145-i-4500</leader><controlfield tag="001">000012248</controlfield><controlfield tag="002">20161230</controlfield><controlfield tag="005">20170210115652</controlfield><controlfield tag="008">060222s1000------------r-----000-0-eng-d</controlfield><datafield ind1=" " ind2=" " tag="245"><subfield code="a">Collected papers of Sir Harold Jeffreys on geophysics and other sciences. In six vol. Vol.1: Gravity</subfield></datafield><datafield ind1=" " ind2=" " tag="260"><subfield code="a">London</subfield><subfield code="b">Gordon And Breach</subfield><subfield code="c">1976</subfield></datafield><datafield ind1=" " ind2=" " tag="300"><subfield code="a">661 p</subfield></datafield><datafield ind1=" " ind2=" " tag="700"><subfield code="a">Jeffreys, Harold</subfield></datafield><datafield ind1=" " ind2=" " tag="852"><subfield code="a">550.3(081.1)</subfield></datafield><datafield ind1=" " ind2=" " tag="CAT"><subfield code="a">SYS</subfield><subfield code="c">20170210</subfield><subfield code="h">115652</subfield></datafield></record></collection>